@preamble{ "\newcommand{\noopsort}[1]{} "
	# "\newcommand{\printfirst}[2]{#1} "
	# "\newcommand{\singleletter}[1]{#1} "
	# "\newcommand{\switchargs}[2]{#2#1} " }


@article{liu2008high,
  title={High-performance JPEG steganography using complementary embedding strategy},
  author={Liu, Chiang-Lung and Liao, Shiang-Rong},
  journal={Pattern Recognition},
  volume={41},
  number={9},
  pages={2945--2955},
  year={2008},
  publisher={Elsevier}
}

%------------------------------------


@article{WikiJPEG,
  url={https://en.wikipedia.org/wiki/JPEG},
  title={JPEG on Wikipedia},
  language={English}
}

@article{Ostertag1996,
  author={Richard Ostertág},
  title={Počítačová steganografia},
  howpublished={Diplómová práca, Fakulta matematiky, fyziky a informatiky UK},
  year={1996}
}

@article{Jokay2010,
  author={Matúš Jókay, Tomáš Moravčík},
  title={Image-based {J}{P}{E}{G} steganography},
  journal={Tatra Mountains Mathematical Publications},
  volume={45},
  pages={65--74},
  year={2010}
}

@incollection{Fridrich2003,
year={2003},
isbn={978-3-540-00421-9},
booktitle={Information Hiding},
volume={2578},
series={Lecture Notes in Computer Science},
editor={Petitcolas, FabienA.P.},
doi={10.1007/3-540-36415-3_20},
title={Steganalysis of JPEG Images: Breaking the {F}5 Algorithm},
url={http://dx.doi.org/10.1007/3-540-36415-3_20},
publisher={Springer Berlin Heidelberg},
author={Fridrich, Jessica and Goljan, Miroslav and Hogea, Dorin},
pages={310-323},
language={English}
}

@incollection{Kim2009,
year={2009},
isbn={978-3-642-04437-3},
booktitle={Digital Watermarking},
volume={5450},
series={Lecture Notes in Computer Science},
editor={Kim, Hyoung-Joong and Katzenbeisser, Stefan and Ho, AnthonyT.S.},
doi={10.1007/978-3-642-04438-0_18},
title={A Novel Approach for JPEG Steganography},
url={http://dx.doi.org/10.1007/978-3-642-04438-0_18},
publisher={Springer Berlin Heidelberg},
author={Sachnev, Vasiliy and Kim, HyoungJoong and Zhang, Rongyue and Choi, YongSoo},
pages={209-217},
language={English}
}

@article{Yu2009,
year={2009},
issn={1432-7643},
journal={Soft Computing},
volume={13},
number={4},
doi={10.1007/s00500-008-0327-7},
title={PM1 steganography in JPEG images using genetic algorithm},
url={http://dx.doi.org/10.1007/s00500-008-0327-7},
publisher={Springer-Verlag},
author={Yu, Lifang and Zhao, Yao and Ni, Rongrong and Zhu, Zhenfeng},
pages={393-400},
language={English}
}

@article{clanok,
    title = 	{Názov článku z časopisu},
    author =	{X. Autor1 and Y. Autor2},
    journal = {Názov časopisu, ktorý článok uverejnil},
    volume = {4},
    number = {3},
    year = {1900},
    pages = {1-100},
}

@Book{kniha,
    author ={X. Autor1 and Y. Autor2},
    title =        {Názov knihy},
    publisher =    {Vydavateľstvo},
    year =         {1900},
}


@techreport{technical_report,
    author =	{X. Autor1 and Y. Autor2},
    title= {Názov technickej správy},
    year={June 1999},
    institution = {Inštitút vydávajúci správu},
    number = {TR123/1999}
}

@inproceedings{clanok_na_konferencii,
    author =	{X. Autor1 and Y. Autor2},
    title = {Názov článku (väčšinou z konferencie)},
    booktitle = {Názov zborníka (väčšinou názov konferencie spolu s ročníkom)},
    year = {1900},
    pages = {1-100},
    url = {http://xxx.yyy.com},
}    


    
@misc{smernica,
 title={Vnútorný predpis č. 12/2013,
Smernica rektora {U}niverzity {K}omenského v {B}ratislave
o základných náležitostiach záverečných prác, rigoróznych 
prác a habilitačných prác, kontrole ich  originality, 
uchovávaní a sprístupňovaní  na {U}niverzite {K}omenského v {B}ratislave},
 author={{Univerzita Komenského v Bratislave}},
 year={2013},
 note={\url{https://uniba.sk/fileadmin/ruk/legislativa/2013/Vp_2013_12.pdf}},
}

@Book{Oetiker2000,
  author = 	 {Tobias Oetiker and Hubert Partl and Irene Hyna and Elisabeth Schlegl},
  title = 	 {Nie príliš stručný úvod do systému LaTeX2e},
  year = 	 {2002},
  note = {Preklad Ján Buša ml. a st}
}

